@ARTICLE{1965ApJ...142..419P,
   author = {{Penzias}, A.~A. and {Wilson}, R.~W.},
    title = "{A Measurement of Excess Antenna Temperature at 4080 Mc/s.}",
  journal = {\apj},
 keywords = {Microwave Background, Cosmic Background Radiation},
     year = 1965,
    month = jul,
   volume = 142,
    pages = {419-421},
      doi = {10.1086/148307},
   adsurl = {http://adsabs.harvard.edu/abs/1965ApJ...142..419P},
  adsnote = {Provided by the SAO/NASA Astrophysics Data System}
}

@ARTICLE{1992ApJ...396L...1S,
   author = {{Smoot}, G.~F. and {Bennett}, C.~L. and {Kogut}, A. and {Wright}, E.~L. and 
	{Aymon}, J. and {Boggess}, N.~W. and {Cheng}, E.~S. and {de Amici}, G. and 
	{Gulkis}, S. and {Hauser}, M.~G. and {Hinshaw}, G. and {Jackson}, P.~D. and 
	{Janssen}, M. and {Kaita}, E. and {Kelsall}, T. and {Keegstra}, P. and 
	{Lineweaver}, C. and {Loewenstein}, K. and {Lubin}, P. and {Mather}, J. and 
	{Meyer}, S.~S. and {Moseley}, S.~H. and {Murdock}, T. and {Rokke}, L. and 
	{Silverberg}, R.~F. and {Tenorio}, L. and {Weiss}, R. and {Wilkinson}, D.~T.
	},
    title = "{Structure in the COBE differential microwave radiometer first-year maps}",
  journal = {\apjl},
 keywords = {Cosmic Background Explorer Satellite, Microwave Radiometers, Normal Density Functions, Relic Radiation, Root-Mean-Square Errors, Astronomical Maps, Milky Way Galaxy},
     year = 1992,
    month = sep,
   volume = 396,
    pages = {L1-L5},
      doi = {10.1086/186504},
   adsurl = {http://adsabs.harvard.edu/abs/1992ApJ...396L...1S},
  adsnote = {Provided by the SAO/NASA Astrophysics Data System}
}

